@book{book:digital_design,
	author =		{Mano, M. Morris},
	title =			{Digital Design},
	year =			{2001},
	isbn =			{0130621218},
	edition =		{3rd},
	publisher =		{Prentice Hall PTR},
	address =		{Upper Saddle River, NJ, USA},
} 

@book{book:jezproc, 
	author =		{Siniša Srbljić}, 
	title =			{Jezični procesori 1}, 
	publisher =		{Element}, 
	year =			{2004}, 
	language =		{croatian},
}

@book{book:ppj,
	author =		{Siniša Srbljić},
	title =			{Prevođenje programskih jezika},
	publisher =		{Element},
	year =			2007,
	language =		{croatian},
}

@online{site:schemeIt,
	author =		{Digi-Key},
	title =			{SchemeIt},
	howpublished =	{\url{https://www.digikey.com/schemeit/}},
	year =			{2019},
	note =			{},
}

@book{book:memory,
	author =		{Jacob, Bruce and Ng, Spencer and Wang, David},
	title =			{Memory Systems: Cache, DRAM, Disk},
	year =			{2007},
	isbn =			{0123797519, 9780123797513},
	publisher =		{Morgan Kaufmann Publishers Inc.},
	address =		{San Francisco, CA, USA},
}

@article{article:reconfigurable,
	author =		{Compton, Katherine and Hauck, Scott},
	title =			{Reconfigurable Computing: A Survey of Systems and Software},
	journal =		{ACM Comput. Surv.},
	issue_date =	{June 2002},
	volume =		{34},
	number =		{2},
	month =			{jun},
	year =			{2002},
	issn =			{0360-0300},
	pages =			{171--210},
	numpages =		{40},
	url =			{http://doi.acm.org/10.1145/508352.508353},
	doi =			{10.1145/508352.508353},
	acmid =			{508353},
	publisher =		{ACM},
	address =		{New York, NY, USA},
	keywords =		{Automatic design, FPGA, field-programmable, manual design, reconfigurable architectures, reconfigurable computing, reconfigurable systems},
}

@article{article:switch_box,
	author =		{Xiaojun Ma, Bo Wang and Jiarong Tong},
	title =			{Switch-Box and Connection-Box for Segmented Interconnection in Hierarchical FPGA},
	year =			{2004},
}

@article{article:decomposition,
	author =		{Luba, T. and Selvaraj, H},
	title =			{A General Approach to Boolean Function Decomposition and its Application in FPGA Based Synthesis},
	journal =		{VLSI Design},
	volume =		{3},
	number =		{3-4},
	pages =			{289-300},
	year =			{1995},
	url =			{https://digitalscholarship.unlv.edu/ece_fac_articles/301},
}

@book{book:evolution,
	title =     	{Introduction to Evolutionary Computing},
	author =    	{A.E. Eiben, J.E. Smith (auth.)},
	publisher = 	{Springer-Verlag Berlin Heidelberg},
	isbn =      	{978-3-662-44873-1,978-3-662-44874-8},
	year =      	{2015},
	series =    	{Natural Computing Series},
	edition =   	{2},
	volume =    	{},
}

@article{article:related,
	title =			{A platform independent tool for programming, visualization and simulation of simplified FPGAs},
	author =		{Marko Čupić, Karla Brkić, Željka Mihajlović},
	year =			{2016},